
\bibitem{}
. \emph{.}
\url{}


@book{dataMining,
	author = {Jiawei Han and Micheline Kamber and Jian Pei},
	title = {Data Mining : Concepts and Techniques},
}

@misc{1,
	title = {Nomograms_for_Visualizing_Linear_Support_Vector_Machines},
	howpublished = \url{https://www.researchgate.net/publication/33550053_Nomograms_for_Visualizing_Linear_Support_Vector_Machines},
}

@misc{2,
	title = {A Study of Support Vector Machine Algorithm for Liver Disease Diagnosis},
	howpublished  = \url{http://article.sapub.org/10.5923.j.ajis.20140401.02.html},
}


@misc{4,
	title = {Descripci√≥n del conjunto de datos de viviendas de California},
	howpublished = \url{https://developers.google.com/machine-learning/crash-course/california-housing-data-description},
}


@misc{3,
	title = {The California housing dataset},
	howpublished = \url{https://inria.github.io/scikit-learn-mooc/python_scripts/datasets_california_housing.html},
}


@misc{5,
	title = {Liver Disorders Data Set},
	howpublished = \url{https://archive.ics.uci.edu/ml/datasets/liver+disorders},
}


